<?xml version="1.0" encoding="UTF-8"?><collection xmlns="http://www.loc.gov/MARC21/slim"><record><leader>00373nam--2200121-i-4500</leader><controlfield tag="001">000003430</controlfield><controlfield tag="002">20161230</controlfield><controlfield tag="005">20161230201025</controlfield><controlfield tag="008">060222s1000------------r-----000-0-eng-d</controlfield><datafield ind1=" " ind2=" " tag="100"><subfield code="a">Clark, Walter</subfield></datafield><datafield ind1=" " ind2=" " tag="245"><subfield code="a">Photography by infrared. its principles and applications. second edition</subfield></datafield><datafield ind1=" " ind2=" " tag="260"><subfield code="a">New York,  John Wiley &amp; Son , London ... /1946 Xvii + 472 P. + 2 Pl</subfield></datafield><datafield ind1=" " ind2=" " tag="852"><subfield code="a">2682</subfield></datafield></record></collection>